<record><leader>00000cas a22000007a 4500</leader><controlfield tag="001">10241391</controlfield><controlfield tag="008">831221d198319uunvuwr ne      0   a0eng d</controlfield><datafield ind1=" " ind2=" " tag="010"><subfield code="a">sn 83005929 </subfield></datafield><datafield ind1=" " ind2=" " tag="040"><subfield code="a">NSD</subfield><subfield code="b">eng</subfield><subfield code="c">NSD</subfield><subfield code="d">NNX</subfield><subfield code="d">NSD</subfield><subfield code="d">OCLCQ</subfield></datafield><datafield ind1=" " ind2=" " tag="012"><subfield code="j">0</subfield><subfield code="m">d</subfield></datafield><datafield ind1="1" ind2=" " tag="022"><subfield code="a">0746-7419</subfield><subfield code="l">0746-7419</subfield><subfield code="2">1</subfield></datafield><datafield ind1=" " ind2=" " tag="037"><subfield code="b">Gateway Gazette, POB 217, Beatty, NV, 89003</subfield></datafield><datafield ind1=" " ind2=" " tag="042"><subfield code="a">nsdp</subfield></datafield><datafield ind1=" " ind2="0" tag="222"><subfield code="a">Death Valley gateway gazette</subfield></datafield><datafield ind1="0" ind2="0" tag="245"><subfield code="a">Death Valley gateway gazette.</subfield></datafield><datafield ind1="1" ind2="7" tag="246"><subfield code="a">Gateway gazette</subfield></datafield><datafield ind1=" " ind2=" " tag="260"><subfield code="a">Beatty, NV :</subfield><subfield code="b">Gateway Newspapers Inc.,</subfield><subfield code="c">1983-</subfield></datafield><datafield ind1=" " ind2=" " tag="300"><subfield code="a">v. :</subfield><subfield code="b">ill. ;</subfield><subfield code="c">58 cm.</subfield></datafield><datafield ind1=" " ind2=" " tag="310"><subfield code="a">Weekly</subfield></datafield><datafield ind1="0" ind2=" " tag="362"><subfield code="a">Vol. 1, no. 1 (July 22, 1983)-</subfield></datafield><datafield ind1=" " ind2=" " tag="752"><subfield code="a">United States</subfield><subfield code="b">Nevada</subfield><subfield code="c">Nye</subfield><subfield code="d">Beatty.</subfield></datafield><datafield ind1="0" ind2="0" tag="785"><subfield code="t">Pahrump Valley gazette</subfield><subfield code="x">1094-9186</subfield><subfield code="w">(DLC)sn 97006181</subfield></datafield><datafield ind1=" " ind2=" " tag="936"><subfield code="a">Nov. 25, 1983</subfield></datafield><datafield ind1="1" ind2=" " tag="029"><subfield code="a">AU@</subfield><subfield code="b">000020415894</subfield></datafield></record>